@phdthesis{Gajdus2016The,
author = {Gajdus, Michael},
title = {The Vela pulsar in very high energy gamma-rays with H.E.S.S. II},
school = {Humboldt-Universität zu Berlin, Mathematisch-Naturwissenschaftliche Fakultät},
year = {2016},
doi = {http://dx.doi.org/10.18452/17610}
}